<?xml version="1.0" encoding="utf-8"?>
<record xmlns="http://www.loc.gov/MARC21/slim" xmlns:xsi="http://www.w3.org/2001/XMLSchema-instance" xsi:schemaLocation="http://www.loc.gov/MARC21/slim http://www.loc.gov/standards/marcxml/schema/MARC21slim.xsd">
	<leader>     nam a22        4500</leader>
	<controlfield tag="001">b12340479</controlfield>
	<controlfield tag="003">LeBAU</controlfield>
	<controlfield tag="006">m        d        </controlfield>
	<controlfield tag="007">cr cn |||m|||a</controlfield>
	<controlfield tag="008">170508m19331934ua      o     ||0 0 ara d</controlfield>
	<datafield ind1=" " ind2=" " tag="040">
		<subfield code="a">NNU</subfield>
		<subfield code="b">ara</subfield>
		<subfield code="e">rda</subfield>
		<subfield code="c">NNU</subfield>
	</datafield>
	<datafield ind1=" " ind2="4" tag="050">
		<subfield code="a">BP135.A2</subfield>
		<subfield code="b">H435 1933</subfield>
	</datafield>
	<datafield ind1="0" ind2="4" tag="082">
		<subfield code="a">297.08</subfield>
		<subfield code="2">20</subfield>
	</datafield>
	<datafield ind1="1" ind2=" " tag="100">
		<subfield code="6">880-01</subfield>
		<subfield code="a">Haythamī, Nūr al-Dīn ʻAlī ibn Abī Bakr,</subfield>
		<subfield code="d">1335-1405,</subfield>
		<subfield code="e">author.</subfield>
	</datafield>
	<datafield ind1="1" ind2="0" tag="245">
		<subfield code="6">880-02</subfield>
		<subfield code="a">Majma‘ al-zawā’id wa-manba‘ al-fawā’id /</subfield>
		<subfield code="c">lil-ḥāfiẓ Nūr al-Dīn ‘Alī ibn Abī Bakr al-Haythamī al-mutawaffá sanat 807 ; bi-taḥrīr al-ḥāfiẓayn al-jalīlayn al-‘Irāqī wa-ibn Ḥajar.</subfield>
	</datafield>
	<datafield ind1=" " ind2="1" tag="264">
		<subfield code="6">880-03</subfield>
		<subfield code="a">al-Qāhirah :</subfield>
		<subfield code="b">Maktabat al-Qudsī,</subfield>
		<subfield code="c">1352-1353 H., [1933-1934? M.]</subfield>
	</datafield>
	<datafield ind1=" " ind2=" " tag="300">
		<subfield code="6">880-04</subfield>
		<subfield code="a">online resource (10 volumes)</subfield>
	</datafield>
	<datafield ind1=" " ind2=" " tag="336">
		<subfield code="a">text</subfield>
		<subfield code="2">rdacontent</subfield>
	</datafield>
	<datafield ind1=" " ind2=" " tag="337">
		<subfield code="a">computer</subfield>
		<subfield code="2">rdamedia</subfield>
	</datafield>
	<datafield ind1=" " ind2=" " tag="338">
		<subfield code="a">online resource</subfield>
		<subfield code="2">rdacarrier</subfield>
	</datafield>
	<datafield ind1=" " ind2=" " tag="500">
		<subfield code="a">Part of the Arabic Collections Online (ACO) project, contributed by American University of Beirut's Jafet Memorial Library.</subfield>
	</datafield>
	<datafield ind1=" " ind2=" " tag="533">
		<subfield code="a">Electronic reproduction.</subfield>
		<subfield code="b">New York, N.Y. :</subfield>
		<subfield code="c">New York University,</subfield>
		<subfield code="d">2017.</subfield>
		<subfield code="5">NNU</subfield>
	</datafield>
	<datafield ind1=" " ind2="0" tag="650">
		<subfield code="6">880-05</subfield>
		<subfield code="a">Hadith</subfield>
		<subfield code="v">Early works to 1800.</subfield>
	</datafield>
	<datafield ind1="1" ind2=" " tag="700">
		<subfield code="6">880-06</subfield>
		<subfield code="a">Ibn Ḥajar al-ʻAsqalānī, Aḥmad ibn ʻAlī,</subfield>
		<subfield code="d">1372-1449,</subfield>
		<subfield code="e">annotator.</subfield>
	</datafield>
	<datafield ind1="1" ind2=" " tag="700">
		<subfield code="6">880-07</subfield>
		<subfield code="a">ʻIrāqī, ʻAbd al-Raḥīm ibn al-Ḥusayn,</subfield>
		<subfield code="d">1325-1404,</subfield>
		<subfield code="e">annotator.</subfield>
	</datafield>
	<datafield ind1="2" ind2=" " tag="710">
		<subfield code="a">Jafet Memorial Library.</subfield>
	</datafield>
	<datafield ind1="0" ind2=" " tag="730">
		<subfield code="a">Arabic Collections Online.</subfield>
	</datafield>
	<datafield ind1="0" ind2="8" tag="776">
		<subfield code="i">Print version:</subfield>
		<subfield code="a">Haythamī, Nūr al-Dīn ʻAlī ibn Abī Bakr, 1335-1405, author.</subfield>
		<subfield code="t">Majma‘ al-zawā’id wa-manba‘ al-fawā’id</subfield>
		<subfield code="w">(LeBAU)b12340479</subfield>
	</datafield>
	<datafield ind1="4" ind2="0" tag="856">
		<subfield code="u">http://hdl.handle.net/2333.1/15dv467p</subfield>
	</datafield>
	<datafield ind1="1" ind2=" " tag="880">
		<subfield code="6">100-01/r</subfield>
		<subfield code="a">الهيثمي، نور الدين علي بن ابي بكر،</subfield>
		<subfield code="d">1335-1405،</subfield>
		<subfield code="e">مؤلف.</subfield>
		<subfield code="4">aut.</subfield>
	</datafield>
	<datafield ind1="1" ind2="0" tag="880">
		<subfield code="6">245-02/r</subfield>
		<subfield code="a">مجمع الزوائد ومنبع الفوائد /</subfield>
		<subfield code="c">للحافظ نور الدين علي بن أبي بكر الهيثمي المتوفى سنة 807 ؛ بتحرير الحافظين الجليلين العراقي وإبن حجر</subfield>
	</datafield>
	<datafield ind1=" " ind2="1" tag="880">
		<subfield code="6">264-03/r</subfield>
		<subfield code="a">القاهرة :</subfield>
		<subfield code="b">مكتبة القدسي،</subfield>
		<subfield code="c">1352-1353 هـ.، [1933-1934؟ م.]</subfield>
	</datafield>
	<datafield ind1=" " ind2=" " tag="880">
		<subfield code="6">300-04/r</subfield>
		<subfield code="a">10 أجزاء ؛</subfield>
		<subfield code="c">24 سم</subfield>
	</datafield>
	<datafield ind1=" " ind2=" " tag="880">
		<subfield code="6">500-00/r</subfield>
		<subfield code="a">&quot;عن نسخة الأستاذ الجليل حافظ أفندي أحمد مع المقابلة بنسخة دار الكتب المصرية المكتوبة بخط تلميذ المؤلف، والمقروءة على المصنف؛ وفيها خطه وخط الحافظ إبن حجر، مع إستكمالها ومقابلة بعضها بأجزاء في الدار أيضاً وبنسخة الخزانة الظاهرية بدمشق.&quot;--صفحة العنوان.</subfield>
	</datafield>
	<datafield ind1=" " ind2=" " tag="880">
		<subfield code="6">588-00/r</subfield>
		<subfield code="a">الوصف يستند إلى الجزء الأول.</subfield>
	</datafield>
	<datafield ind1=" " ind2="4" tag="880">
		<subfield code="6">650-05/r</subfield>
		<subfield code="a">الحديث</subfield>
		<subfield code="v">اعمال قديمة حتى 1800.</subfield>
	</datafield>
	<datafield ind1="1" ind2=" " tag="880">
		<subfield code="6">700-06/r</subfield>
		<subfield code="a">ابن حجر العسقلاني، احمد بن علي،</subfield>
		<subfield code="d">1372-1449،</subfield>
		<subfield code="e">محقق.</subfield>
		<subfield code="4">ann.</subfield>
	</datafield>
	<datafield ind1="1" ind2=" " tag="880">
		<subfield code="6">700-07/r</subfield>
		<subfield code="a">العراقي، عبد الرحيم بن الحسين،</subfield>
		<subfield code="d">1325-1404،</subfield>
		<subfield code="e">محقق.</subfield>
		<subfield code="4">ann.</subfield>
	</datafield>
	<datafield ind1=" " ind2=" " tag="959">
		<subfield code="a">NNU</subfield>
		<subfield code="b">WEB</subfield>
		<subfield code="c">GENI</subfield>
		<subfield code="t">0</subfield>
		<subfield code="m">Electronic access</subfield>
		<subfield code="s">01</subfield>
	</datafield>
	<datafield ind1=" " ind2=" " tag="999">
		<subfield code="i">LeBAU_b12340479</subfield>
		<subfield code="s">aub_aco000827:v.1</subfield>
		<subfield code="s">aub_aco000828:v.2</subfield>
		<subfield code="s">aub_aco000829:v.3</subfield>
		<subfield code="s">aub_aco000830:v.4</subfield>
		<subfield code="s">aub_aco000831:v.5</subfield>
		<subfield code="s">aub_aco000832:v.6</subfield>
		<subfield code="s">aub_aco000833:v.7</subfield>
		<subfield code="s">aub_aco000834:v.8</subfield>
		<subfield code="s">aub_aco000835:v.9</subfield>
		<subfield code="s">aub_aco000836:v.10</subfield>
		<subfield code="e">(ERROR-MISC)</subfield>
		<subfield code="s">aub_aco000827:v.1</subfield>
		<subfield code="s">aub_aco000828:v.2</subfield>
		<subfield code="s">aub_aco000829:v.3</subfield>
		<subfield code="s">aub_aco000830:v.4</subfield>
		<subfield code="s">aub_aco000831:v.5</subfield>
		<subfield code="s">aub_aco000832:v.6</subfield>
		<subfield code="s">aub_aco000833:v.7</subfield>
		<subfield code="s">aub_aco000834:v.8</subfield>
		<subfield code="s">aub_aco000835:v.9</subfield>
		<subfield code="s">aub_aco000836:v.10</subfield>
	</datafield>
</record>
